@inproceedings{larrea2014ontologias,
  title={Ontolog{\'\i}as y Sem{\'a}ntica en el Proceso de Visualizaci{\'o}n},
  author={Larrea, Mart{\'\i}n Leonardo and Escarza, Sebasti{\'a}n and Urribarri, Dana K and Castro, Silvia Mabel and Herrera, Alejandra E and Escobal Blanco, C{\'e}sar A and Cer{\'u}sico, Georgina},
  booktitle={XVI Workshop de Investigadores en Ciencias de la Computaci{\'o}n},
  year={2014}
}
@article{garcia2018factores,
  title={FACTORES PARA EL DISE{\~N}O Y VISUALIZACI{\'O}N DEL AWARENESS EN SISTEMAS GROUPWARE},
  author={Garc{\'\i}a, M Teresa Cepero and Jim{\'e}nez, Luis G Montan{\'e} and Godoy, Carmen Mezura and Guerrero, Edgard Ben{\'\i}tez},
  journal={Pistas Educativas},
  volume={39},
  number={127},
  year={2018}
}
@article{florian2013propuesta,
  title={PROPUESTA PARA INCORPORAR EVALUACI{\'O}N Y PRUEBAS DE USABILIDAD DENTRO DE UN PROCESO DE DESARROLLO DE SOFTWARE.(PROPOSAL FOR INTRODUCING USABILITY EVALUATION AND TESTING WITHIN A SOFTWARE DEVELOPMENT PROCESS)},
  author={Flori{\'a}n, Beatriz E and Solarte, Oswaldo and Reyes, Javier M},
  journal={Revista eia},
  volume={7},
  number={13},
  pages={123--141},
  year={2013}
}
@book{card1999readings,
  title={Readings in information visualization: using vision to think},
  author={Card, Mackinlay},
  year={1999},
  publisher={Morgan Kaufmann}
}
@article{olmeda2014visualizacion,
  title={Visualizaci{\'o}n de informaci{\'o}n},
  author={Olmeda-G{\'o}mez, Carlos},
  journal={El profesional de la informaci{\'o}n},
  volume={23},
  number={3},
  year={2014}
}
@inproceedings{martig2003modelo,
  title={Un modelo unificado de visualizaci{\'o}n},
  author={Martig, Sergio R and Castro, Silvia Mabel and Fillottrani, Pablo Rub{\'e}n and Est{\'e}vez, Elsa Clara},
  booktitle={IX Congreso Argentino de Ciencias de la Computaci{\'o}n},
  year={2003}
}
@article{gonzalez2001evaluacion,
  title={Evaluaci{\'o}n heur{\'\i}stica},
  author={Gonz{\'a}lez, Mar{\'\i}a Paula and Pascual, A and Lor{\'e}s, Jes{\'u}s},
  journal={2001). Introducci{\'o}n a la Interacci{\'o}n Persona-Ordenador. AIPO: Asociaci{\'o}n Interacci{\'o}n Persona-Ordenador},
  year={2001}
}
@article{hassan2003metodo,
  title={M{\'e}todo de test con usuarios},
  author={Hassan Montero, Yusef and Mart{\'\i}n Fern{\'a}ndez, Francisco J},
  journal={No Solo Usabilidad},
  number={2},
  year={2003}
}
@book{hassan2009informe,
  title={Informe APEI sobre usabilidad},
  author={Hassan-Montero, Yusef and Ortega-Santamar{\'\i}a, Sergio},
  volume={3},
  year={2009},
  publisher={APEI, Asociaci{\'o}n Profesional de Especialistas en Informaci{\'o}n}
}

@article{pino,
  title={MODELO LIGERO PARA LA EVALUACI{\'O}N DE PROCESOS SOFTWARE},
  author={Pino, Francisco J and Piattini, Mario and Ruiz, Francisco and Garcia, Felix},
  journal={Revista GTI},
  volume={4},
  number={10},
  pages={20--11},
  year={2005}
}
@inproceedings{solano,
  title={ECUSI: Herramienta software para la evaluaci{\'o}n colaborativa de la usabilidad de sistemas interactivos},
  author={Solano, Andr{\'e}s and Cer{\'o}n, Juan Camilo and Collazos, C{\'e}sar A and Fardoun, Habib M},
  booktitle={Computing Colombian Conference (10CCC), 2015 10th},
  pages={157--163},
  year={2015},
  organization={IEEE}
}
@article{arjona,
  title={La visualizaci{\'o}n de la informaci{\'o}n como metodolog{\'\i}a de ense{\~n}anza-aprendizaje en estudios b-learning de Dise{\~n}o Gr{\'a}fico},
  author={Arjona Verdejo, F{\'a}tima},
  year={2016},
  publisher={Universitat Oberta de Catalunya}
}
@inproceedings{shneiderman,
  title={Strategies for evaluating information visualization tools: multi-dimensional in-depth long-term case studies},
  author={Shneiderman, Ben and Plaisant, Catherine},
  booktitle={Proceedings of the 2006 AVI workshop on BEyond time and errors: novel evaluation methods for information visualization},
  pages={1--7},
  year={2006},
  organization={ACM}
}
@article{theron,
  title={Evaluaci{\'o}n visual de las relaciones entre participaci{\'o}n de los estudiantes y sus resultados en entornos de e-learning},
  author={Ther{\'o}n, Roberto and G{\'o}mez Aguilar, Diego Alonso and Garc{\'\i}a Pe{\~n}alvo, Francisco J},
  year={2013}
}
@inproceedings{freitas,
title={On evaluating information visualization techniques},
  author={Freitas, Carla MDS and Luzzardi, Paulo RG and Cava, Ricardo A and Winckler, Marco and Pimenta, Marcelo S and Nedel, Luciana P},
  booktitle={Proceedings of the working conference on Advanced Visual Interfaces},
  pages={373--374},
  year={2002},
  organization={ACM}
}
@inproceedings{isenberg,
  title={Grounded evaluation of information visualizations},
  author={Isenberg, Petra and Zuk, Torre and Collins, Christopher and Carpendale, Sheelagh},
  booktitle={Proceedings of the 2008 Workshop on BEyond time and errors: novel evaLuation methods for Information Visualization},
  pages={6},
  year={2008},
  organization={ACM}
}
@article{rios,
  title={Evaluaci{\'o}n de los Frameworks en el Desarrollo de Aplicaciones Web con Python},
  author={R{\'\i}os, Jimmy Rolando Molina and Mora, Nancy Magaly Loja and Ord{\'o}{\~n}ez, Mariuxi Paola Zea and Sojos, Erika Lizbeth Loaiza},
  journal={Revista Latinoamericana de Ingenier{\'\i}a de Software},
  volume={4},
  number={4},
  pages={201--207},
  year={2016}
}
@article{montero,
  title={Visualizaci{\'o}n y recuperaci{\'o}n de informaci{\'o}n},
  author={Montero, Yusef Hassan},
  journal={II Encontro de Ciencias e Tecnologias da Docu},
  year={2006}
}
@article{montane,
  title={Presencia social en sistemas Groupware},
  author={Montan{\'e} Jim{\'e}nez, Luis Gerardo},
  year={2016},
  publisher={Universidad Veracruzana. Facultad de Estad{\'\i}stica e Inform{\'a}tica. Regi{\'o}n Xalapa}
}
@phdthesis{padua,
  title={Comparaci{\'o}n interactiva de modelos de miner{\'\i}a de datos utilizando t{\'e}cnicas de visualizaci{\'o}n},
  author={Padua, Luciana Mar{\'\i}a},
  year={2014},
  school={Facultad de Ciencias Exactas y Naturales. Universidad de Buenos Aires}
}
@book{obeso,
  title={Metodolog{\'\i}a de medici{\'o}n y evaluaci{\'o}n de la usabilidad en sitios web educativos},
  author={Obeso, Mar{\'\i}a Elena Alva and Lovelle, Juan Manuel Cueva and Prieto, Ana Bel{\'e}n Mart{\'\i}nez},
  year={2005},
  publisher={Universidad de Oviedo}
}
@article{cordoba,
  title={Hacia una taxonom{\'\i}a de investigaci{\'o}n entre Visualizaci{\'o}n de Informaci{\'o}n y Dise{\~n}o},
  author={C{\'o}rdoba Cely, Carlos and Alatriste Mart{\'\i}nez, Yadira},
  journal={No Solo Usabilidad},
  number={11},
  year={2012}
}
@book{tidwell,
  title={Designing interfaces: Patterns for effective interaction design},
  author={Tidwell, Jenifer},
  year={2010},
  publisher={" O'Reilly Media, Inc."}
}
@book{arenas,
  title={Mapas conceptuales, mapas mentales y otras formas de representaci{\'o}n del conocimiento},
  author={Arenas, Agust{\'\i}n Campos},
  year={2005},
  publisher={Coop. Editorial Magisterio}
}
@article{katzenbach,
  title={La disciplina de los equipos},
  author={Katzenbach, Jon R and Smith, Douglas K},
  journal={Harvard Business Review},
  volume={83},
  number={07},
  year={2005}
}
@book{arriagada,
  title={Dise{\~n}o de un sistema de medici{\'o}n de desempe{\~n}o para evaluar la gesti{\'o}n municipal: una propuesta metodol{\'o}gica},
  author={Arriagada, Ricardo},
  volume={20},
  year={2002},
  publisher={United Nations Publications}
}
@article{gil,
  title={Eficacia de equipos de trabajo},
  author={Gil, Francisco and Rico, Ram{\'o}n and S{\'a}nchez-Manzanares, Miriam},
  journal={Papeles del psic{\'o}logo},
  volume={29},
  number={1},
  year={2008},
  publisher={Consejo General de Colegios Oficiales de Psic{\'o}logos}
}
@article{adkins,
  title={Progression of a Data Visualization Assignment},
  author={Adkins, Joni K},
  journal={Information Systems Education Journal},
  volume={14},
  number={6},
  pages={20},
  year={2016}
}
@inproceedings{blascheck,
  title={Techniques for Analyzing Empirical Visualization Experiments Through Visual Methods.},
  author={Blascheck, Tanja and Ertl, Thomas},
  booktitle={KIK@ KI},
  pages={44--51},
  year={2013}
}
@inproceedings{de2017adapting,
  title={Adapting Heuristic Evaluation to Information Visualization-A Method for Defining a Heuristic Set by Heuristic Grouping.},
  author={de Oliveira, Maur{\'\i}cio Rossi and da Silva, Celmar Guimar{\~a}es},
  booktitle={VISIGRAPP (3: IVAPP)},
  pages={225--232},
  year={2017}
}
@inproceedings{mazza,
  title={Focus group methodology for evaluating information visualization techniques and tools},
  author={Mazza, Riccardo and Berre, Alessandra},
  booktitle={2007 11th International Conference Information Visualization (IV'07)},
  pages={74--80},
  year={2007},
  organization={IEEE}
}
@inproceedings{amar2004best,
  title={BEST PAPER: A knowledge task-based framework for design and evaluation of information visualizations},
  author={Amar, Robert and Stasko, John},
  booktitle={IEEE Symposium on Information Visualization},
  pages={143--150},
  year={2004},
  organization={IEEE}
}
@inproceedings{plaisant,
  title={The challenge of information visualization evaluation},
  author={Plaisant, Catherine},
  booktitle={Proceedings of the working conference on Advanced visual interfaces},
  pages={109--116},
  year={2004},
  organization={ACM}
}
@phdthesis{bibbo2009modelado,
  title={Modelado de sistemas colaborativos},
  author={Bibb{\'o}, Luis Mariano},
  year={2009},
  school={Facultad de Inform{\'a}tica}
}
@article{penichet2003sistemas,
  title={Sistemas groupware: M{\'e}todos y herramientas},
  author={Penichet, Victor MR},
  journal={Estudio de Casos. UCLM, Albacete},
  year={2003}
}
@article{bresciani2009benefits,
  title={The benefits of synchronous collaborative information visualization: Evidence from an experimental evaluation},
  author={Bresciani, Sabrina and Eppler, Martin J},
  journal={IEEE transactions on visualization and computer graphics},
  volume={15},
  number={6},
  pages={1073--1080},
  year={2009},
  publisher={IEEE}
}
@article{lam2011empirical,
  title={Empirical studies in information visualization: Seven scenarios},
  author={Lam, Heidi and Bertini, Enrico and Isenberg, Petra and Plaisant, Catherine and Carpendale, Sheelagh},
  journal={IEEE transactions on visualization and computer graphics},
  volume={18},
  number={9},
  pages={1520--1536},
  year={2011},
  publisher={IEEE}
}
@inproceedings{mcdonald2003recommending,
  title={Recommending collaboration with social networks: a comparative evaluation},
  author={McDonald, David W},
  booktitle={Proceedings of the SIGCHI conference on Human factors in computing systems},
  pages={593--600},
  year={2003},
  organization={ACM}
}
@phdthesis{winkler2008collaborative,
  title={Collaborative Visualization: Designing and evaluating systems for co-located work},
  author={Winkler Pettersson, Lars},
  year={2008},
  school={Acta Universitatis Upsaliensis}
}
@inproceedings{gonzalez2008analisis,
  title={An{\'a}lisis cuantitativo en un Experimento de Evaluaci{\'o}n heur{\'\i}stica},
  author={Gonz{\'a}lez, Marta and Masip, Ll{\'u}cia and Granollers, Antoni and Oliva, Marta},
  booktitle={IX Congreso Internacional Interacci{\'o}n},
  pages={9--11},
  year={2008}
}
@ELECTRONIC{sistemas,
  author = {{Asociación Interacción Persona-Ordenador}},
  year = {1 de {A}gosto de 2013},
  title = {\texttt{http://www.aipoblog.es/2013/01/sistemas-interactivos-e-interaccion.html}}
}
@book{raskin2000humane,
  title={The humane interface: new directions for designing interactive systems},
  author={Raskin, Jef},
  year={2000},
  publisher={Addison-Wesley Professional}
}
@article{alonso2008sitio,
  title={El sitio web como unidad b{\'a}sica de informaci{\'o}n y comunicaci{\'o}n. Aproximaci{\'o}n te{\'o}rica: definici{\'o}n y elementos constitutivos},
  author={Alonso, Jaime},
  journal={IC Revista Cient{\'\i}fica de Informaci{\'o}n y Comunicaci{\'o}n},
  number={5},
  year={2008}
}
@article{geronimo2002sistemas,
  title={Sistemas colaborativos: Groupware \& workflow},
  author={Geronimo, G and Canseco, V},
  journal={Leon, Oaxaca, Mexico},
  year={2002}
}